[gd_scene load_steps=15 format=2]

[ext_resource path="res://scenes/Player.tscn" type="PackedScene" id=1]
[ext_resource path="res://resources/images/bg/7.png" type="Texture" id=2]
[ext_resource path="res://resources/images/logo.png" type="Texture" id=3]
[ext_resource path="res://resources/images/gui/button.png" type="Texture" id=4]
[ext_resource path="res://resources/fonts/Chocolate Covered Raindrops BOLD.ttf" type="DynamicFontData" id=5]
[ext_resource path="res://scenes/MainMenu.gd" type="Script" id=6]
[ext_resource path="res://resources/images/gui/play.png" type="Texture" id=7]
[ext_resource path="res://resources/images/gui/fx.png" type="Texture" id=8]
[ext_resource path="res://resources/images/gui/music.png" type="Texture" id=9]
[ext_resource path="res://resources/images/gui/fx_off.png" type="Texture" id=10]
[ext_resource path="res://resources/images/gui/music_off.png" type="Texture" id=11]
[ext_resource path="res://resources/sound/pop.wav" type="AudioStream" id=12]
[ext_resource path="res://resources/sound/glitter-blast.ogg" type="AudioStream" id=13]

[sub_resource type="DynamicFont" id=1]
size = 90
font_data = ExtResource( 5 )

[node name="MainMenu" type="TextureRect"]
texture = ExtResource( 2 )
flip_h = true
script = ExtResource( 6 )
__meta__ = {
"_edit_use_anchors_": false
}

[node name="TextureRect" type="TextureRect" parent="."]
margin_left = 709.459
margin_top = 10.6455
margin_right = 1059.46
margin_bottom = 360.646
rect_scale = Vector2( 1.5, 1.5 )
texture = ExtResource( 3 )
__meta__ = {
"_edit_use_anchors_": false
}

[node name="Player" parent="." instance=ExtResource( 1 )]
position = Vector2( 332.619, 771.072 )
scale = Vector2( 1, 1 )

[node name="Store" type="TextureRect" parent="."]
margin_left = 166.545
margin_top = 342.159
margin_right = 494.545
margin_bottom = 489.159
texture = ExtResource( 4 )

[node name="Label" type="Label" parent="Store"]
margin_left = 38.1715
margin_top = 29.6863
margin_right = 243.172
margin_bottom = 109.686
custom_fonts/font = SubResource( 1 )
custom_colors/font_color = Color( 1, 1, 1, 1 )
text = "TIENDA"
align = 1
valign = 1

[node name="Play" type="TextureRect" parent="."]
margin_left = 803.474
margin_top = 619.426
margin_right = 975.474
margin_bottom = 793.426
rect_scale = Vector2( 2, 2 )
texture = ExtResource( 7 )
__meta__ = {
"_edit_use_anchors_": false
}

[node name="Music" type="TextureRect" parent="."]
margin_left = 1688.57
margin_top = 820.244
margin_right = 1860.57
margin_bottom = 993.244
texture = ExtResource( 9 )
__meta__ = {
"_edit_use_anchors_": false
}

[node name="MusicOff" type="TextureRect" parent="."]
visible = false
margin_left = 1688.57
margin_top = 820.244
margin_right = 1860.57
margin_bottom = 993.244
texture = ExtResource( 11 )

[node name="Fx" type="TextureRect" parent="."]
margin_left = 1688.57
margin_top = 611.244
margin_right = 1860.57
margin_bottom = 784.244
texture = ExtResource( 8 )

[node name="FxOff" type="TextureRect" parent="."]
visible = false
margin_left = 1688.57
margin_top = 611.244
margin_right = 1860.57
margin_bottom = 784.244
texture = ExtResource( 10 )

[node name="AudioPop" type="AudioStreamPlayer" parent="."]
stream = ExtResource( 12 )

[node name="AudioMusic" type="AudioStreamPlayer" parent="."]
stream = ExtResource( 13 )
[connection signal="gui_input" from="Store" to="." method="_on_Store_gui_input"]
[connection signal="gui_input" from="Play" to="." method="_on_Play_gui_input"]
[connection signal="gui_input" from="Music" to="." method="_on_Music_gui_input"]
[connection signal="gui_input" from="MusicOff" to="." method="_on_MusicOff_gui_input"]
[connection signal="gui_input" from="Fx" to="." method="_on_Fx_gui_input"]
[connection signal="gui_input" from="FxOff" to="." method="_on_FxOff_gui_input"]
